@BOOK{BransdenQM,
    author      = {B.H.~Bransden and C.J.~Joachim},
    title       = {Quantum {M}echanics},
    year        = {2000},
    publisher   = {Pearson Prentice Hall},
    edition     = {{S}econd},
}

@BOOK{HechtOptics,
    author      = {E.~{H}echt and A.~{Z}ahac},
    title       = {Optics},
    year        = {1974},
    publisher   = {{A}ddison-{W}esley {P}ub {C}o.},
}

@BOOK{StellarAstro,
    author      = {F.~Le{B}lanc},
    title       = {An {I}ntroduction to {S}tellar {A}strophysics},
    year        = {2011},
    publisher   = {Wiley},
    edition     = {{S}econd},
}

@BOOK{LyonsError,
    author      = {L.~Lyons},
    title       = {{A} {P}ractical {G}uide to {D}ata {A}nalysis for {P}hysical 
        {S}cience {S}tudents},
    year        = {1991},
}

@MISC{LabManual,
    author      = {D.~Orlando},
    title       = {{A}tomic {P}hysics},
    year        = {2013},
    note        = {\\http://labs.physics.berkeley.edu/mediawiki/index.php/Atomic\_Physics},
}

@BOOK{ExpModern,
    author      = {A.C.~Melissinos},
    title       = {{E}xperiments in {M}odern {P}hysics},
    year        = {1996},
}

@MISC{Bitbucket,
    author      = {I.~Domagalski},
    year        = {2013},
    note        = {\\https://bitbucket.org/domagalski/physics111-advanced-lab/},
}
