@ARTICLE{ATPADP,
    author      = {E.~Gajewski and D.~Steckler and R.~Goldberg},
    title       = {{T}hermodynamics of the hydrolysis of adenosine 5'-triphosphate
        to adenosine 5'-diphosphate},
    year        = {1986},
    journal     = {Journal of Biological Chemistry},
    volume      = {Vol 261},
    number      = {27},
    pages       = {12733--12737},
}

@ARTICLE{EinsteinBrownian,
    author      = {A.~Einstein},
    title       = {{O}n the {M}otion of {S}mall {P}articles {S}uspended in
        {L}iquids at {R}est {R}equired by the {M}olecular-{K}inetic {T}heory of
        {H}eat},
    year        = {1905},
    journal     = {Annalen der Physik},
}

@MISC{BMWikipedia,
    author      = {Wikipedia},
    title       = {{B}rownian {M}otion},
    year        = {2013},
    note        = {\\https://en.wikipedia.org/wiki/Brownian\_motion},
}

@MISC{ExpSmoothWiki,
    author      = {Wikipedia},
    title       = {{E}xponential {S}moothing},
    year        = {2013},
    note        = {\\https://en.wikipedia.org/wiki/Exponential\_smoothing},
}

@MISC{Bitbucket,
    author      = {I.~Domagalski},
    year        = {2013},
    note        = {\\https://bitbucket.org/domagalski/physics111-advanced-lab/},
}

@MISC{KohlerWiki,
    author      = {Wikipedia},
    title       = {K\"{o}hler illumination},
    year        = {2013},
    note        = {\\https://en.wikipedia.org/wiki/Kohler\_illumination},
}

@BOOK{LyonsError,
    author      = {L.~Lyons},
    title       = {{A} {P}ractical {G}uide to {D}ata {A}nalysis for {P}hysical 
        {S}cience {S}tudents},
    year        = {1991},
}

@MISC{LabManual,
    author      = {D.~Orlando},
    title       = {{B}rownian {M}otion in {C}ells},
    year        = {2013},
    note        = {\\http://labs.physics.berkeley.edu/mediawiki/index.php/Brownian\_Motion\_in\_Cells},
}

@MISC{LabSim,
    author      = {D.~Orlando},
    title       = {{S}imulating {B}rownian {M}otion},
    year        = {2013},
    note        = {\\http://www.advancedlab.org/mediawiki/index.php/Simulating\_Brownian\_Motion},
}

@MISC{LabExp,
    author      = {D.~Orlando},
    title       = {{E}xperimental {P}rocedures},
    year        = {2012},
    note        = {\\http://labs.physics.berkeley.edu/mediawiki/index.php/Experimental\_Procedures},
}

@MISC{LabSoftware,
    author      = {D.~Orlando},
    title       = {{BMC} {S}oftware},
    year        = {2013},
    note        = {\\http://labs.physics.berkeley.edu/mediawiki/index.php/BMC\_Software},
}

@ARTICLE{Motors,
    author      = {J.A.~Spudich},
    title       = {{H}ow {M}olecular {M}otors {W}ork},
    year        = {1994},
    journal     = {Nature},
    volume      = {Vol 372},
    pages       = {515--518},
}

@ARTICLE{Myosin,
    author      = {Z.~He and R.~Bottinelli and M.A.~Pellegrino and
        M.A.~Ferenczi and C.~Reggiani},
    title       = {{ATP} consumption and efficiency of human single muscle
        fibers with different myosin isoform composition},
    year        = {2000},
    journal     = {Biophysical Journal},
    volume      = {Vol 79},
    number      = {2},
    pages       = {945--961},
}

@MISC{StokesLawWiki,
    author      = {Wikipedia},
    title       = {{S}tokes' {L}aw},
    year        = {2013},
    note        = {\\https://en.wikipedia.org/wiki/Stoke's\_law},
}
