@BOOK{LyonsError,
    author    = {L.~Lyons},
    title     = {A Practical Guide to Data Analysis for Physical Science
        Students},
    year      = {1991},
}

@MISC{LabManual,
    author    = {D.~Orlando},
    title     = {Optical Pumping},
    year      = {2013},
    note      = {\\http://labs.physics.berkeley.edu/mediawiki/index.php/Optical\_Pumping},
}

@MISC{Bitbucket,
    author    = {I.~Domagalski},
    year      = {2013},
    note      = {\\https://bitbucket.org/domagalski/physics111-advanced-lab/},
}

